@online{satoshi,
    author = "Bitcoin.it Wiki",
    title = "Payment channels",
    url  = "https://en.bitcoin.it/wiki/Payment_channels"
}

@online{lightning,
    author = "Joseph Poon and Thaddeus Dryja",
    title = "The Bitcoin Lightning Network: Scalable Off-Chain Instant Payments",
    url  = "https://lightning.network/lightning-network-paper.pdf"
}

@online{stats,
    author = "1ML",
    title = "Real-Time Lightning Network Statistics",
    url  = "https://1ml.com/statistics"
}

@online{poelstra,
    author = "Andrew Poelstra",
    title = "Mimblewimble and Scriptless Scripts",
    url  = "https://download.wpsoftware.net/bitcoin/wizardry/mw-slides/2017-06-iheie-paris/slides.pdf"
}

@online{swap,
    author = "Beam Github Wiki",
    title = "Atomic swap",
    url  = "https://github.com/BeamMW/Beam/wiki/Atomic-swap"
}

@online{transaction,
    author = "Beam Github Wiki",
    title = "Core Transaction Elements",
    url  = "https://github.com/BeamMW/Beam/wiki/Core-transaction-elements"
}

@online{contracts,
    author = "Grin Github Wiki",
    title = "Contracts",
    url  = "https://github.com/mimblewimble/grin/blob/master/doc/contracts.md#relative-timelocked-transactions"
}

@online{lmw,
    author = "Fabian Jahr",
    title = "Lightning Network on MimbleWimble Specs",
    url  = "https://github.com/fjahr/lightning-mw"
}
